@book{Hartley,
 author = {Hartley, Richard and Zisserman, Andrew},
 title = {Multiple View Geometry in Computer Vision},
 year = {2003},
 isbn = {0521540518},
 edition = {2},
 publisher = {Cambridge University Press},
 address = {New York, NY, USA},
}


@misc{ wiki:bilinear,
    author = "Wikipedia",
    title = "Bicubic interpolation --- Wikipedia{,} The Free Encyclopedia",
    year = "2017",
    url = "https://en.wikipedia.org/w/index.php?title=Bicubic_interpolation&oldid=797784881",
    note = "[Online; accessed
16-September-2017
]"
  }


@misc{ wiki:homogeneous,
    author = "Wikipedia",
    title = "Homogeneous coordinates --- Wikipedia{,} The Free Encyclopedia",
    year = "2017",
    url = "https://en.wikipedia.org/w/index.php?title=Homogeneous_coordinates&oldid=788941229",
    note = "[Online; accessed
17-September-2017
]"
  }


@misc{ numpy:lstsq,
    author = "numpy",
    title = "Least-squares solution to a linear matrix equation",
    year = "2017",
    url = "https://docs.scipy.org/doc/numpy/reference/generated/numpy.linalg.lstsq.html",
    note = "[Online; accessed
17-September-2017
]"
  }


@misc{ wiki:sift,
    author = "Wikipedia",
    title = "Scale-invariant feature transform --- Wikipedia{,} The Free Encyclopedia",
    year = "2017",
    url = "https://en.wikipedia.org/w/index.php?title=Scale-invariant_feature_transform&oldid=800083463",
    note = "[Online; accessed
6-October-2017
]"
  }


@misc{ opencv:tutorial,
    author = "OpenCV",
    title = "Feature Matching + Homography to find Objects",
    year = "2017",
    url = "http://docs.opencv.org/3.0-beta/doc/py_tutorials/py_feature2d/py_feature_homography/py_feature_homography.html",
    note = "[Online; accessed
6-October-2017
]"
  }

  @misc{ wiki:ransac,
      author = "Wikipedia",
      title = "Random sample consensus --- Wikipedia{,} The Free Encyclopedia",
      year = "2017",
      url = "https://en.wikipedia.org/w/index.php?title=Random_sample_consensus&oldid=796713261",
      note = "[Online; accessed
  6-October-2017
  ]"
    }
