@book{Hartley,
 author = {Hartley, Richard and Zisserman, Andrew},
 title = {Multiple View Geometry in Computer Vision},
 year = {2003},
 isbn = {0521540518},
 edition = {2},
 publisher = {Cambridge University Press},
 address = {New York, NY, USA},
}


@misc{ wiki:bilinear,
    author = "Wikipedia",
    title = "Bicubic interpolation --- Wikipedia{,} The Free Encyclopedia",
    year = "2017",
    url = "https://en.wikipedia.org/w/index.php?title=Bicubic_interpolation&oldid=797784881",
    note = "[Online; accessed
16-September-2017
]"
  }
