@book{Hartley,
 author = {Hartley, Richard and Zisserman, Andrew},
 title = {Multiple View Geometry in Computer Vision},
 year = {2003},
 isbn = {0521540518},
 edition = {2},
 publisher = {Cambridge University Press},
 address = {New York, NY, USA},
}

@misc{ opencv:moments,
    author = "OpenCV",
    title = "Contour Features",
    year = "2017",
    url = "http://opencv-python-tutroals.readthedocs.io/en/latest/py_tutorials/py_imgproc/py_contours/py_contour_features/py_contour_features.html#moments",
    note = "[Online; accessed
6-November-2017
]"
  }


@misc{ wiki:tracking,
    author = "Wikipedia",
    title = "Video tracking --- Wikipedia{,} The Free Encyclopedia",
    year = "2017",
    url = "\url{https://en.wikipedia.org/w/index.php?title=Video_tracking&oldid=808618470}",
    note = "[Online; accessed 6-November-2017]"
  }


@misc{ wiki:kalman,
    author = "Wikipedia",
    title = "Kalman filter --- Wikipedia{,} The Free Encyclopedia",
    year = "2017",
    url = "\url{https://en.wikipedia.org/w/index.php?title=Kalman_filter&oldid=808866381}",
    note = "[Online; accessed 7-November-2017]"
  }